@BOOK{vogel2020life,
  AUTHOR = "Vogel, Steven",
  TITLE = "Life in Moving Fluids: The Physical Biology of Flow-Revised and Expanded Second Edition",
  PUBLISHER = "Princeton University Press",
  YEAR = "2020",
}